%%%%% Referencias Testes %%%%% 




%%% CLARET %%%
@inproceedings{dalton2018mbtagile,
author = {N. Jorge, Dalton and Machado, Patrícia and L. G. Alves, Everton and Andrade, Wilkerson},
year = {2018},
month = {08},
pages = {336-346},
title = {Integrating Requirements Specification and Model-Based Testing in Agile Development},
doi = {10.1109/RE.2018.00041}
}

@inproceedings{itkonen2009testers,
  title={How do testers do it? An exploratory study on manual testing practices},
  author={Itkonen, Juha and Mantyla, Mika V and Lassenius, Casper},
  booktitle={2009 3rd International Symposium on Empirical Software Engineering and Measurement},
  pages={494--497},
  year={2009},
  organization={IEEE}
}


@inproceedings{dalton2017claret,
author = {N. Jorge, Dalton and Machado, Patrícia and L. G. Alves, Everton and Andrade, Wilkerson},
year = {2017},
title = {CLARET - Central Artifact for Requirements Engineering and Model-Based Testing. / In Proceedings of the 24th Tools Session / 8th Brazilian Conference on
Software: Theory and Practice. Fortaleza, CE, BR, 41–48.},
booktitle = {-},
doi = {10.1109/RE.2018.00041}
}

@article{coutinho2016analysis,
  title={Analysis of distance functions for similarity-based test suite reduction in the context of model-based testing},
  author={Coutinho, Ana Em{\'\i}lia Victor Barbosa and Cartaxo, Emanuela Gadelha and de Lima Machado, Patr{\'\i}cia Duarte},
  journal={Software Quality Journal},
  volume={24},
  number={2},
  pages={407--445},
  year={2016},
  publisher={Springer}
}

@inproceedings{katara2006making,
  title={Making model-based testing more agile: a use case driven approach},
  author={Katara, Mika and Kervinen, Antti},
  booktitle={Haifa Verification Conference},
  pages={219--234},
  year={2006},
  organization={Springer}
}

@article{de2016full,
  title={Full modification coverage through automatic similarity-based test case selection},
  author={de Oliveira Neto, Francisco G and Torkar, Richard and Machado, Patr{\'\i}cia DL},
  journal={Information and Software Technology},
  volume={80},
  pages={124--137},
  year={2016},
  publisher={Elsevier}
}

%%%lts bt %%%
@inproceedings{cartaxo2008lts,
author = {Cartaxo, Emanuela and Andrade, Wilkerson and de Oliveira Neto, Francisco and Machado, Patrícia},
year = {2008},
month = {01},
pages = {1540-1544},
title = {LTS-BT: A tool to generate and select functional test cases for embedded systems},
booktitle = {-},
doi = {10.1145/1363686.1364045}
}
%%% MBT %%%
@book{Utting:2006:PMT:1200168,
 author = {Utting, Mark and Legeard, Bruno},
 title = {Practical Model-Based Testing: A Tools Approach},
 year = {2007},
 isbn = {0123725011, 9780080466484},
 publisher = {Morgan Kaufmann Publishers Inc.},
 address = {San Francisco, CA, USA},
} 

@inproceedings{pinto2012understanding,
  title={Understanding myths and realities of test-suite evolution},
  author={Pinto, Leandro Sales and Sinha, Saurabh and Orso, Alessandro},
  booktitle={Proceedings of the ACM SIGSOFT 20th International Symposium on the Foundations of Software Engineering},
  pages={33},
  year={2012},
  organization={ACM}
}

@inproceedings{mirzaaghaei2011automatic,
  title={Automatic test suite evolution},
  author={Mirzaaghaei, Mehdi},
  booktitle={Proceedings of the 19th ACM SIGSOFT symposium and the 13th European conference on Foundations of software engineering},
  pages={396--399},
  year={2011},
  organization={ACM}
}

@inproceedings{Silva:2018:SIM:3266003.3266009,
 author = {Silva, Anderson G.F. and Andrade, Wilkerson L. and Alves, Everton L.G.},
 title = {A Study on the Impact of Model Evolution in MBT Suites},
 booktitle = {Proceedings of the III Brazilian Symposium on Systematic and Automated Software Testing},
 series = {SAST '18},
 year = {2018},
 isbn = {978-1-4503-6555-0},
 location = {SAO CARLOS, Brazil},
 pages = {49--56},
 numpages = {8},
 url = {http://doi.acm.org/10.1145/3266003.3266009},
 doi = {10.1145/3266003.3266009},
 acmid = {3266009},
 publisher = {ACM},
 address = {New York, NY, USA},
 keywords = {Model-Based Testing, Test Suite Maintenance, Use Case Evolution},
} 


@INPROCEEDINGS{dalal:mbt:1999, 
author={S. R. Dalal and A. Jain and N. Karunanithi and J. M. Leaton and C. M. Lott and G. C. Patton and B. M. Horowitz}, 
booktitle={Proceedings of the 1999 International Conference on Software Engineering (IEEE Cat. No.99CB37002)}, 
title={Model-based testing in practice}, 
year={1999}, 
volume={}, 
number={}, 
pages={285-294}, 
keywords={program testing;automatic testing;model-based testing;test case suite generation;requirements;data model;generation infrastructure;combinatorial test generation techniques;test automation harnesses;Automatic testing;System testing;Data models;Software testing;Contracts;Costs;Large-scale systems;Telecommunications;Maintenance;Permission}, 
doi={10.1145/302405.302640}, 
ISSN={0270-5257}, 
month={May},}

@book{Broy:2005:MBTR:1088911,
 author = {Broy, Manfred and Jonsson, Bengt and Katoen, Joost-Pieter and Leucker, Martin and Pretschner, Alexander},
 title = {Model-Based Testing of Reactive Systems: Advanced Lectures (Lecture Notes in Computer Science)},
 year = {2005},
 isbn = {3540262784},
 publisher = {Springer-Verlag},
 address = {Berlin, Heidelberg},
} 



%%%%% Referencias artigos/livros/videos de saude e blockchain%%%%% 
@book{Pressman:2007,
  Title     = {Software Engineering: A Practitioner's Approach},
  Author    = {Roger Pressman},
  Year      = {2005},
  Isbn      = {0077227808, 9780077227807},
  Edition   = {6},
  Publisher = {McGraw-Hill, Inc.},
  Address   = {New York, NY, USA},
} 


@book{manav:2017,
  author    = {Manav Gupta}, 
  title     = {Blockchain for Dummies},
  publisher = {John Wiley Sons Inc},
  year      = {2017},
  isbn      = {9783527815869},
  Edition   = {1},
  Address   = {},
}

@book{Fulano:2009,
  Title     = {Livro de Eng. Civil},
  Author    = {Fulano de tal},
  Year      = {2005},
  Isbn      = {0077227808, 9780077227807},
  Edition   = {6},
  Publisher = {McGraw-Hill, Inc.},
  Address   = {New York, NY, USA},
} 

% Referencia Artigo
@article{Ferris:2003,
  Title      = {What Are Web Services?},
  Author     = {Christopher Ferris and Joel Farrell},
  Journal    = {Commun. ACM},
  Volume     = {46},
  Number     = {6},
  Year       = {2003},
  Issn       = {0001-0782},
  Pages      = {31--},
  Acmid      = {777335},
  Publisher  = {ACM},
  Address    = {New York, NY, USA},
} 
@article{christidis2016blockchains,
  title={Blockchains and smart contracts for the internet of things},
  author={Christidis, Konstantinos and Devetsikiotis, Michael},
  journal={IEEE Access},
  volume={4},
  pages={2292--2303},
  year={2016},
  publisher={IEEE}
}
@article{gubbi2013internet,
  title={Internet of Things (IoT): A vision, architectural elements, and future directions},
  author={Gubbi, Jayavardhana and Buyya, Rajkumar and Marusic, Slaven and Palaniswami, Marimuthu},
  journal={Future generation computer systems},
  volume={29},
  number={7},
  pages={1645--1660},
  year={2013},
  publisher={Elsevier}
}

% Referencia artigo de congresso/conferencia
@conference{Rosenfeld:1970,
  Author    = {A. Rosenfeld and E. B. Troy},
  Booktitle = {A Symposium on Feature Extraction and Selection in Pattern Recognition},
  Pages     = {115-124},
  Title     = {Visual texture analysis},
  Volume    = {1},
  Year      = {1970}
}

% Referencia em relatorio
@techreport{Diday:1989,
  Title       = {Introduction {\`a} l'analyse des donn{\'e}es symboliques.},
  Author      = {Edwin Diday},
  Institution = {Institut National de Recherche en Informatique et en Automatique, INRIA},
  Type        = {Research Report},
  Year        = {1989}
}

% Referencia Tese/PhD
@phdthesis{Domingues:2010,
  Title   = {M{\'e}todos Robustos de Regress{\~a}o Linear para Dados Simb{\'o}licos do Tipo Intervalo},
  Author  = {Marco Antonio de Oliveira Domingues},
  Address = {Recife},
  School  = {Universidade Federal de Pernambuco (UFPE)},
  Year    = {2010}
}

% Referencia Site/Web
@url{szabo:1996,
  author = {Nick Szabo},
  title  = {Smart Contracts: Building Blocks for Digital Markets},
  year   = {1996},
  note   = {http://www.fon.hum.uva.nl/rob/Courses/InformationInSpeech/CDROM/Literature/LOTwinterschool2006/szabo.best.vwh.net/smart contracts 2.html - accessed 26-02-2018}
}
@url{owen:2017,
  author = {Ask Owen},
  title  = {Is Blockchain The Solution For Healthcare?},
  year   = {2017},
  note   = {http://bmedtech.com/blockchain-solution-healthcare/ - accessed 20-02-2018} 
}

@url{msmbt2013,
  author = {Microsoft},
  title  = {Model-Based Testing | Microsoft Docs},
  year   = {2013},
  note   = {https://docs.microsoft.com/en-us/previous-versions/visualstudio/spec-explorer/ee620469(v=specexplorer.10) - accessed 19-01-2019} 
}
@url{todaro:2017,
  author = {Corey Todaro},
  title  = {Hashed Health},
  year   = {2017},
  note   = {https://hashedhealth.com/about - accessed 26-02-2018} 
}
@url{todaro:video,
  title = {Blockchain Healthcare: What is Blockchain for Healthcare},
  date = {2017},
  organization = {Hashed Health},
  author = {Corey Todaro},
  note = {https://www.youtube.com/watch?v=IcLMsmhghR4 -accessed 27-02-2018} ,
}

@INPROCEEDINGS{zyskind:2015,
  author={G. Zyskind and O. Nathan and A. '. Pentland},
  booktitle={2015 IEEE Security and Privacy Workshops},
  title={Decentralizing Privacy: Using Blockchain to Protect Personal Data},
  year={2015},
  volume={},
  number={},
  pages={180-184},
  keywords={data privacy;trusted computing;auditable computing;automated access-control manager;bit coin;blockchain;decentralized network;decentralized personal data management system;decentralizing privacy;financial space;personal data protection;public ledger;security breaches;surveillance;trusted computing problem;user privacy call;Compounds;Data privacy;Encryption;Online banking;Privacy;Protocols;bitcoin;blockchain;personal data;privacy},
  doi={10.1109/SPW.2015.27},
  ISSN={},
  month={May}
}

@mastersthesis{Angelo:2000,
  Address = {Porto Alegre, RS},
  Author = {Neide Pizzolato Angelo},
  Date-Added = {2013-01-24 18:21:21 -0300},
  Date-Modified = {2013-01-24 18:22:54 -0300},
  Month = {janeiro},
  School = {Universidade Federal do Rio Grande do Sul},
  Title = {Aplica{\c c}{\~a}o de Filtros de Gabor no Processo de Classifica{\c c}{\~a}o de Imagens Digitais com Base em Atributos de Textura},
  Year = {2000}}


@article{yue:2016,
  Title   = {Healthcare Data Gateways: Found Healthcare Intelligence on Blockchain with Novel Privacy Risk Control.},
  Author  = {Yue X. Wang H. Jin D. Li M and Jiang W},
  Journal = {PubMed},
  Year    = {2016}
}

@ARTICLE{Christidis:2016,
author={K. Christidis and M. Devetsikiotis},
journal={IEEE Access},
title={Blockchains and Smart Contracts for the Internet of Things},
year={2016},
volume={4},
number={},
pages={2292-2303},
keywords={Internet of Things;contracts;cryptography;peer-to-peer computing;trusted computing;Internet of Things;IoT;blockchain network;cryptographically verifiable manner;distributed peer-to-peer network;multistep process automation;smart contracts;transactional privacy;trusted intermediary;Automation;Blockchains;Cryptography;Distributed processing;Internet of things;Peer-to-peer computing;Privacy;Blockchain;Internet of Things;blockchain;distributed systems;internet of things},
doi={10.1109/ACCESS.2016.2566339},
ISSN={},
month={},}






%%%%% Métodos Ágeis %%%%
@techreport{beck2001agile,
    author = {Beck, K. and Beedle, M. and van Bennekum, A. and Cockburn, A. and Cunningham, W. and Fowler, M. and Grenning, J. and Highsmith, J. and Hunt, A. and Jeffries, R. and Kern, Jon and Marick, Brian and Martin, Robert C. and Mallor, Steve and Shwaber, Ken and Sutherland, Jeff},
    citeulike-article-id = {7955278},
    institution = {The Agile Alliance},
    keywords = {657},
    posted-at = {2010-10-07 14:26:21},
    priority = {2},
    title = {{The Agile Manifesto}},
    year = {2001}
}


@book{SchBee02,
  added-at = {2009-10-08T12:15:22.000+0200},
  address = {Upper Saddle River, New Jersey},
  author = {Schwaber, Ken and Beedle, Mike},
  biburl = {https://www.bibsonomy.org/bibtex/2103b26a3fdf5674b8341e806cde90151/wiljami74},
  description = {Agile Software Development with Scrum, 1st edition},
  interhash = {8c6293d9bf38098aeda7a7e7f7725e9f},
  intrahash = {103b26a3fdf5674b8341e806cde90151},
  isbn = {0130676349},
  keywords = {SCRUM_books iteration_zero},
  publisher = {Prentice Hall},
  timestamp = {2009-10-08T12:15:22.000+0200},
  title = {Agile Software Development with {S}crum},
  url = {http://portal.acm.org/citation.cfm?id=559553&dl=ACM&coll=portal},
  year = 2002
}




%%% MBT e Redes %%%
@inproceedings{berriri:hal-01868877,
  TITLE = {{Towards model based testing for Software Defined Networks}},
  AUTHOR = {Berriri, Asma and Lopez, Jorge and Kushik, Natalia and Yevtushenko, Nina and Zeghlache, Djamal},
  URL = {https://hal.archives-ouvertes.fr/hal-01868877},
  BOOKTITLE = {{ENASE 2018: 13th International Conference on Evaluation of Novel Approaches to Software Engineering}},
  ADDRESS = {Funchal, Madeira, Portugal},
  HAL_LOCAL_REFERENCE = {19127},
  PUBLISHER = {{Scitepress}},
  PAGES = {440 - 446},
  YEAR = {2018},
  MONTH = Mar,
  DOI = {10.5220/0006805604400446},
  KEYWORDS = {Formal methods ; Software defined networks ; Testing ; Equivalent classes ; Graph enumeration},
  HAL_ID = {hal-01868877},
  HAL_VERSION = {v1},
}



%%% mbt e aviacao %%%
@Presentation{Peleska2017MbtAvionics,
author = {Peleska, Jan and Brauer, Jörg and Schulze, Uwe},
year = {2017},
month = {03},
pages = {},
title = {Model Based Testing of Avionics Software-A True Story}
}



%%% custo %%%
@inproceedings{sedano2017waste,
author = {Sedano, Todd and Ralph, Paul and Péraire, Cécile},
year = {2017},
month = {05},
title = {Software Development Waste},
booktitle = {-}
}



%%%% Similaridade %%%%
@inproceedings{Lu2013SimilaridadeJaccard,
author = {Lu, Jiaheng and Lin, Chunbin and Wang, Wei and Li, Chen and Wang, Haiyong},
year = {2013},
month = {06},
pages = {373-384},
title = {String similarity measures and joins with synonyms},
journal = {Proceedings of the ACM SIGMOD International Conference on Management of Data},
doi = {10.1145/2463676.2465313}
}


@inproceedings{Kondrak2005ngram,
  added-at = {2005-10-31T00:00:00.000+0100},
  author = {Kondrak, Grzegorz},
  biburl = {https://www.bibsonomy.org/bibtex/26f1d328749e9a34da597a6b34b79c68b/dblp},
  booktitle = {SPIRE},
  date = {2005-10-31},
  description = {dblp},
  editor = {Consens, Mariano P. and Navarro, Gonzalo},
  ee = {http://dx.doi.org/10.1007/11575832_13},
  interhash = {8760ff09abc4040886155c34a20ffbba},
  intrahash = {6f1d328749e9a34da597a6b34b79c68b},
  isbn = {3-540-29740-5},
  keywords = {dblp},
  pages = {115-126},
  publisher = {Springer},
  series = {Lecture Notes in Computer Science},
  timestamp = {2005-10-31T00:00:00.000+0100},
  title = {N-Gram Similarity and Distance.},
  url = {http://dblp.uni-trier.de/db/conf/spire/spire2005.html#Kondrak05},
  volume = 3772,
  year = 2005
}

@book{uml:2004,
 author = {Larman, Craig},
 title = {Applying UML and Patterns: An Introduction to Object-Oriented Analysis and Design and Iterative Development (3rd Edition)},
 year = {2004},
 isbn = {0131489062},
 publisher = {Prentice Hall PTR},
 address = {Upper Saddle River, NJ, USA},
} 
@book{uml:2005,
 author = {Booch, Grady and Rumbaugh, James and Jacobson, Ivar},
 title = {Unified Modeling Language User Guide, The (2Nd Edition) (Addison-Wesley Object Technology Series)},
 year = {2005},
 isbn = {0321267974},
 publisher = {Addison-Wesley Professional},
} 

@article{dsl:2000,
author = {van Deursen, Arie and Klint, Paul and Visser, Joost},
year = {2000},
month = {01},
pages = {26-36},
title = {Domain-Specific Languages: An Annotated Bibliography},
volume = {35},
journal = {SIGPLAN Notices}
}

@book{wiegers2013softwarerequitements,
  title={Software Requirements},
  author={Wiegers, K.E. and Beatty, J.},
  isbn={9780735679665},
  lccn={2013942928},
  series={Best practices},
  url={https://books.google.pt/books?id=40lDmAEACAAJ},
  year={2013},
  publisher={Microsoft Press}
}

@article{kruskal1983overview,
  title={An overview of sequence comparison: Time warps, string edits, and macromolecules},
  author={Kruskal, Joseph B},
  journal={SIAM review},
  volume={25},
  number={2},
  pages={201--237},
  year={1983},
  publisher={SIAM}
}

@article{BLIND,
  title={Anonymous authors. Not presented due to double-blind review.},
  author={},
  pages={},
  year={},
  publisher={}
}

@article{Levenshtein_SPD66,
  abstract = {Seems to be the first person to define what became  known as the (simple) edit-distance and show it to be a  metric. Paper mostly about constructing optimal codes  to transmit such corrections.},
  added-at = {2009-09-11T19:06:23.000+0200},
  author = {Levenshtein, Vladimir Iosifovich},
  biburl = {https://www.bibsonomy.org/bibtex/220546d80ce76f58c6ef6ece9dd5f5056/jimregan},
  interhash = {55f7ad93fcb9ae3ed999afaa6e24937d},
  intrahash = {20546d80ce76f58c6ef6ece9dd5f5056},
  journal = {Soviet Physics Doklady},
  keywords = {edit-distance},
  month = {#feb#},
  note = {Doklady Akademii Nauk SSSR, V163 No4 845-848 1965},
  number = 8,
  pages = {707--710},
  timestamp = {2009-09-11T19:06:23.000+0200},
  title = {Binary codes capable of correcting deletions, insertions and reversals.},
  volume = 10,
  year = 1966
}

@article{lubis2018combination,
  title={Combination of levenshtein distance and rabin-karp to improve the accuracy of document equivalence level},
  author={Lubis, Andre Hasudungan and Ikhwan, Ali and Kan, Phak Len Eh},
  journal={International Journal of Engineering \& Technology},
  volume={7},
  number={2.27},
  pages={17--21},
  year={2018}
}

@article{okuda1976method,
  title={A method for the correction of garbled words based on the Levenshtein metric},
  author={Okuda, Teruo and Tanaka, Eiichi and Kasai, Tamotsu},
  journal={IEEE Transactions on Computers},
  volume={100},
  number={2},
  pages={172--178},
  year={1976},
  publisher={IEEE}
}

@inproceedings{runkler2000automatic,
  title={Automatic keyword extraction with relational clustering and Levenshtein distances},
  author={Runkler, Thomas A and Bezdek, James C},
  booktitle={Ninth IEEE International Conference on Fuzzy Systems. FUZZ-IEEE 2000 (Cat. No. 00CH37063)},
  volume={2},
  pages={636--640},
  year={2000},
  organization={IEEE}
}


@article{de1mahalanobis:jaro,
  title={Mahalanobis distance, Jaro-Winkler distance and nDollar in UsiGesture},
  author={De Coster, Xavier and De Groote, Charles and Destin{\'e}, Arnaud and Deville, Pierre and Lamouline, Laurent and Leruitte, Thibault and Nuttin, Vincent},
  year={1}
}


@inproceedings{niwattanakul2013using,
  title={Using of Jaccard coefficient for keywords similarity},
  author={Niwattanakul, Suphakit and Singthongchai, Jatsada and Naenudorn, Ekkachai and Wanapu, Supachanun},
  booktitle={Proceedings of the international multiconference of engineers and computer scientists},
  volume={1},
  number={6},
  pages={380--384},
  year={2013}
}

@inproceedings{levenshtein1966binary,
  title={Binary codes capable of correcting deletions, insertions, and reversals},
  author={Levenshtein, Vladimir I},
  booktitle={Soviet physics doklady},
  volume={10},
  number={8},
  pages={707--710},
  year={1966}
}

@article{hamming1950error,
  title={Error detecting and error correcting codes},
  author={Hamming, Richard W},
  journal={The Bell system technical journal},
  volume={29},
  number={2},
  pages={147-160},
  year={1950},
  publisher={Nokia Bell Labs}
}

@article{Damerau:1964,
 author = {Damerau, Fred J.},
 title = {A Technique for Computer Detection and Correction of Spelling Errors},
 journal = {Commun. ACM},
 issue_date = {March 1964},
 volume = {7},
 number = {3},
 month = mar,
 year = {1964},
 issn = {0001-0782},
 pages = {171--176},
 numpages = {6},
 url = {http://doi.acm.org/10.1145/363958.363994},
 doi = {10.1145/363958.363994},
 acmid = {363994},
 publisher = {ACM},
 address = {New York, NY, USA},
} 

@inproceedings{kondrak2005n,
  title={N-gram similarity and distance},
  author={Kondrak, Grzegorz},
  booktitle={International symposium on string processing and information retrieval},
  pages={115--126},
  year={2005},
  organization={Springer}
}

@article{sorensen1948method,
  title={A method of establishing groups of equal amplitude in plant sociology based on similarity of species and its application to analyses of the vegetation on Danish commons},
  author={S{\o}rensen, Thorvald},
  journal={Biol. Skr.},
  volume={5},
  pages={1--34},
  year={1948}
}


@inproceedings{huang2008similaritycosine,
  title={Similarity measures for text document clustering},
  author={Huang, Anna},
  booktitle={Proceedings of the sixth new zealand computer science research student conference (NZCSRSC2008), Christchurch, New Zealand},
  volume={4},
  pages={9--56},
  year={2008}
}

@article{team2013r,
  title={R: A language and environment for statistical computing},
  author={Team, R Core and others},
  year={2013},
  publisher={Vienna, Austria}
}
@book{wiegers2013software,
  title={Software Requirements},
  author={Wiegers, K.E. and Beatty, J.},
  isbn={9780735679665},
  lccn={2013942928},
  series={Best practices},
  url={https://books.google.pt/books?id=40lDmAEACAAJ},
  year={2013},
  publisher={Microsoft Press}
}

@article{article,
author = {van Deursen, Arie and Klint, Paul and Visser, Joost},
year = {2000},
month = {01},
pages = {26-36},
title = {Domain-Specific Languages: An Annotated Bibliography},
volume = {35},
journal = {SIGPLAN Notices}
}



@article{kumar2016impacts,
  title={The Impacts of Test Automation on Software's Cost, Quality and Time to Market},
  author={Kumar, Divya and Mishra, KK},
  journal={Procedia Computer Science},
  volume={79},
  pages={8--15},
  year={2016},
  publisher={Elsevier}
}

@incollection{tretmans2008model,
  title={Model based testing with labelled transition systems},
  author={Tretmans, Jan},
  booktitle={Formal methods and testing},
  pages={1--38},
  year={2008},
  publisher={Springer}
}

@INPROCEEDINGS{manualtesting:2009:Itkonen, 
author={J. {Itkonen} and M. V. {Mantyla} and C. {Lassenius}}, 
booktitle={2009 3rd International Symposium on Empirical Software Engineering and Measurement}, 
title={How do testers do it? An exploratory study on manual testing practices}, 
year={2009}, 
volume={}, 
number={}, 
pages={494-497}, 
keywords={program debugging;program testing;software development management;manual testing practice;qualitative observation study;software development company;software professional;system-level functional defect testing;test session strategy;test execution technique;test case design technique;exploratory testing;Software testing;System testing;Performance evaluation;Software engineering;Manuals;Companies;Automatic testing;Programming;Computer industry;Humans}, 
doi={10.1109/ESEM.2009.5314240}, 
ISSN={1949-3770}, 
month={Oct},}

@book{sutherland2014scrum,
  title={Scrum: the art of doing twice the work in half the time},
  author={Sutherland, Jeff and Sutherland, JJ},
  year={2014},
  publisher={Currency}
}

@book{beck2000extremeprogramming,
  title={Extreme programming explained: embrace change},
  author={Beck, Kent and Gamma, Erich},
  year={2000},
  publisher={addison-wesley professional}
}


@book{sommerville2011software,
  title={Software engineering 9th Edition},
  author={Sommerville, Ian},
  journal={ISBN-10},
  volume={137035152},
  year={2011}
}

@inproceedings{cohen2003distance,
  title={A Comparison of String Distance Metrics for Name-Matching Tasks.},
  author={Cohen, William W and Ravikumar, Pradeep and Fienberg, Stephen E and others},
  booktitle={IIWeb},
  volume={2003},
  pages={73--78},
  year={2003}
}

@inproceedings{han2007efficient:LCS,
  title={Efficient subsequence matching using the longest common subsequence with a dual match index},
  author={Han, Tae Sik and Ko, Seung-Kyu and Kang, Jaewoo},
  booktitle={International Workshop on Machine Learning and Data Mining in Pattern Recognition},
  pages={585--600},
  year={2007},
  organization={Springer}
}

@inproceedings{nagappan2008influence,
  title={The influence of organizational structure on software quality},
  author={Nagappan, Nachiappan and Murphy, Brendan and Basili, Victor},
  booktitle={2008 ACM/IEEE 30th International Conference on Software Engineering},
  pages={521--530},
  year={2008},
  organization={IEEE}
}

@article{elish2008predicting,
  title={Predicting defect-prone software modules using support vector machines},
  author={Elish, Karim O and Elish, Mahmoud O},
  journal={Journal of Systems and Software},
  volume={81},
  number={5},
  pages={649--660},
  year={2008},
  publisher={Elsevier}
}

@inproceedings{hayes2005text,
  title={Text mining for software engineering: how analyst feedback impacts final results},
  author={Hayes, Jane Huffman and Dekhtyar, Alex and Sundaram, Senthil},
  booktitle={ACM SIGSOFT Software Engineering Notes},
  volume={30},
  number={4},
  pages={1--5},
  year={2005},
  organization={ACM}
}

@inproceedings{nogueira2007model,
  title={Model based test generation: An industrial experience},
  author={Nogueira, Sidney and Cartaxo, Emanuela and Torres, Dante and Aranha, Eduardo and Marques, Rafael},
  booktitle={1st Brazilian Workshop on Systematic and Automated Software Testing},
  year={2007}
}

@inproceedings{pinto2012understanding,
  title={Understanding myths and realities of test-suite evolution},
  author={Pinto, Leandro Sales and Sinha, Saurabh and Orso, Alessandro},
  booktitle={Proceedings of the ACM SIGSOFT 20th International Symposium on the Foundations of Software Engineering},
  pages={33},
  year={2012},
  organization={ACM}
}