@misc{tan2022naturalspeech,
      title={NaturalSpeech: End-to-End Text to Speech Synthesis with Human-Level Quality}, 
      author={Xu Tan and Jiawei Chen and Haohe Liu and Jian Cong and Chen Zhang and Yanqing Liu and Xi Wang and Yichong Leng and Yuanhao Yi and Lei He and Frank Soong and Tao Qin and Sheng Zhao and Tie-Yan Liu},
      year={2022},
      eprint={2205.04421},
      archivePrefix={arXiv},
      primaryClass={eess.AS}
}

@inproceedings{inproceedings,
author = {Rosa, Rodrigo and Silva, Danilo},
year = {2021},
month = {01},
pages = {},
title = {Conversão Texto-Fala para o Português Brasileiro Utilizando Tacotron 2 com Vocoder Griffin-Lim},
doi = {10.14209/sbrt.2021.1570727280}
}

@misc{shen2018natural,
      title={Natural TTS Synthesis by Conditioning WaveNet on Mel Spectrogram Predictions}, 
      author={Jonathan Shen and Ruoming Pang and Ron J. Weiss and Mike Schuster and Navdeep Jaitly and Zongheng Yang and Zhifeng Chen and Yu Zhang and Yuxuan Wang and RJ Skerry-Ryan and Rif A. Saurous and Yannis Agiomyrgiannakis and Yonghui Wu},
      year={2018},
      eprint={1712.05884},
      archivePrefix={arXiv},
      primaryClass={cs.CL}
}

@misc{wang2017tacotron,
      title={Tacotron: Towards End-to-End Speech Synthesis}, 
      author={Yuxuan Wang and RJ Skerry-Ryan and Daisy Stanton and Yonghui Wu and Ron J. Weiss and Navdeep Jaitly and Zongheng Yang and Ying Xiao and Zhifeng Chen and Samy Bengio and Quoc Le and Yannis Agiomyrgiannakis and Rob Clark and Rif A. Saurous},
      year={2017},
      eprint={1703.10135},
      archivePrefix={arXiv},
      primaryClass={cs.CL}
}